<?xml version="1.0" encoding="UTF-8"?><collection xmlns="http://www.loc.gov/MARC21/slim"><record><leader>00531nam--2200193-i-4500</leader><controlfield tag="001">000049940</controlfield><controlfield tag="002">20161230</controlfield><controlfield tag="005">20170207133333</controlfield><controlfield tag="008">060222s1000------------r-----000-0-rus-d</controlfield><datafield ind1=" " ind2=" " tag="040"><subfield code="a">IFIN-HH</subfield></datafield><datafield ind1=" " ind2=" " tag="041"><subfield code="a">rus</subfield></datafield><datafield ind1=" " ind2=" " tag="080"><subfield code="a">537.86</subfield></datafield><datafield ind1="1" ind2=" " tag="100"><subfield code="a">Vinogradova, M.B</subfield></datafield><datafield ind1="1" ind2="0" tag="245"><subfield code="a">Teoria voln</subfield><subfield code="b">Izdanie vtoroe, pererabotannoe i dopolniennoe</subfield><subfield code="c">M.B. Vinogradova; O.V. Rudenko; A.P. Sukhorukov</subfield></datafield><datafield ind1=" " ind2=" " tag="260"><subfield code="a">Moskva</subfield><subfield code="b">Nauka</subfield><subfield code="c">1990</subfield></datafield><datafield ind1=" " ind2=" " tag="300"><subfield code="a">432P</subfield></datafield><datafield ind1="1" ind2=" " tag="700"><subfield code="a">Sukhorukov, A.P</subfield></datafield><datafield ind1=" " ind2=" " tag="852"><subfield code="a">79574</subfield><subfield code="c">537:538</subfield></datafield><datafield ind1=" " ind2=" " tag="CAT"><subfield code="a">SYS</subfield><subfield code="c">20170207</subfield><subfield code="h">133333</subfield></datafield></record></collection>